<record><leader>02132cam a2200373 i 45 0</leader><controlfield tag="001">6849666</controlfield><controlfield tag="003">OCoLC</controlfield><controlfield tag="005">20150309121725.0</controlfield><controlfield tag="008">140710t20152014nyu           000 f eng d</controlfield><datafield ind1=" " ind2=" " tag="020"><subfield code="a">9780425272824</subfield></datafield><datafield ind1=" " ind2=" " tag="020"><subfield code="a">0425272826</subfield></datafield><datafield ind1=" " ind2=" " tag="035"><subfield code="a">ocn883647354</subfield></datafield><datafield ind1=" " ind2=" " tag="040"><subfield code="a">BTCTA</subfield><subfield code="b">eng</subfield><subfield code="e">rda</subfield><subfield code="c">BTCTA</subfield><subfield code="d">BDX</subfield><subfield code="d">ZS3</subfield><subfield code="d">AEVC</subfield></datafield><datafield ind1="0" ind2="4" tag="082"><subfield code="a">813/.54</subfield><subfield code="2">23</subfield></datafield><datafield ind1=" " ind2=" " tag="090"><subfield code="a">Mystery BOX</subfield><subfield code="b">AEVC</subfield></datafield><datafield ind1="1" ind2=" " tag="100"><subfield code="a">Box, C. J.</subfield></datafield><datafield ind1="1" ind2="0" tag="245"><subfield code="a">Stone cold /</subfield><subfield code="c">C. J. Box.</subfield></datafield><datafield ind1=" " ind2=" " tag="250"><subfield code="a">Berkley premium edition.</subfield></datafield><datafield ind1=" " ind2="1" tag="264"><subfield code="a">New York :</subfield><subfield code="b">Berkley Books,</subfield><subfield code="c">2015.</subfield></datafield><datafield ind1=" " ind2="4" tag="264"><subfield code="c">&#169;2014.</subfield></datafield><datafield ind1=" " ind2=" " tag="300"><subfield code="a">398 pages ;</subfield><subfield code="c">19 cm</subfield></datafield><datafield ind1=" " ind2=" " tag="336"><subfield code="a">text</subfield><subfield code="b">txt</subfield><subfield code="2">rdacontent</subfield></datafield><datafield ind1=" " ind2=" " tag="337"><subfield code="a">unmediated</subfield><subfield code="b">n</subfield><subfield code="2">rdamedia</subfield></datafield><datafield ind1=" " ind2=" " tag="338"><subfield code="a">volume</subfield><subfield code="b">nc</subfield><subfield code="2">rdacarrier</subfield></datafield><datafield ind1="1" ind2=" " tag="490"><subfield code="a">A Joe Pickett novel</subfield></datafield><datafield ind1=" " ind2=" " tag="520"><subfield code="a">"The electrifying new Joe Pickett novel from the New York Times-bestselling author. Everything about the man is a mystery: the massive ranch in the remote Black Hills of Wyoming that nobody ever visits, the women who live with him, the secret philanthropies, the private airstrip, the sudden disappearances. And especially the persistent rumors that the man's wealth comes from killing people. Joe Pickett, still officially a game warden but now mostly a troubleshooter for the governor, is assigned to find out what the truth is, but he discovers a lot more than he'd bargained for. There are two other men living up at that ranch. One is a stone-cold killer who takes an instant dislike to Joe. The other is new-but Joe knows him all too well. The first man doesn't frighten Joe. The second is another story entirely"-- Provided by publisher of hardcover edition.</subfield></datafield><datafield ind1=" " ind2=" " tag="596"><subfield code="a">3</subfield></datafield><datafield ind1=" " ind2="0" tag="650"><subfield code="a">Pickett, Joe (Fictitious character)</subfield><subfield code="v">Fiction.</subfield></datafield><datafield ind1=" " ind2="0" tag="650"><subfield code="a">Game wardens</subfield><subfield code="v">Fiction.</subfield></datafield><datafield ind1=" " ind2="0" tag="650"><subfield code="a">Murder</subfield><subfield code="x">Investigation</subfield><subfield code="v">Fiction.</subfield></datafield><datafield ind1=" " ind2="0" tag="651"><subfield code="a">Wyoming</subfield><subfield code="v">Fiction.</subfield></datafield><datafield ind1="0" ind2="8" tag="775"><subfield code="i">Reproduction of (manfestation):</subfield><subfield code="a">Box, C. J.</subfield><subfield code="t">Stone cold</subfield><subfield code="d">New York : G. P. Putnam's Sons, 2014</subfield><subfield code="h">370 pages ; 24 cm</subfield><subfield code="w">(DLC)  2013046857</subfield></datafield><datafield ind1="1" ind2=" " tag="800"><subfield code="a">Box, C. J.</subfield><subfield code="t">Joe Pickett novel.</subfield></datafield><datafield ind1=" " ind2=" " tag="926"><subfield code="a">Mystery BOX</subfield><subfield code="w">ASIS</subfield><subfield code="c">1</subfield><subfield code="i">33862001359029</subfield><subfield code="d">6/7/2016</subfield><subfield code="e">5/20/2016</subfield><subfield code="l">PAPERBACKS</subfield><subfield code="m">NORQ_MAIN</subfield><subfield code="n">1</subfield><subfield code="p">$8.99</subfield><subfield code="r">Y</subfield><subfield code="s">Y</subfield><subfield code="t">PAPERBACK</subfield><subfield code="u">5/5/2015</subfield></datafield></record>